
@article{ko2018phase,
  title={Phase-aware directional energy transmission algorithm in multiple directional RF energy source environments},
  author={Ko, Haneul and Pack, Sangheon},
  journal={IEEE Transactions on Vehicular Technology},
  volume={68},
  number={1},
  pages={359--367},
  year={2018},
  publisher={IEEE}
}

@inproceedings{wang2017transmission,
  title={Transmission probability of energy harvesting-based cognitive radio networks with directional antennas},
  author={Wang, Qiu and Dai, Hong-Ning and Zhang, Wei},
  booktitle={2017 23rd Asia-Pacific Conference on Communications (APCC)},
  pages={1--6},
  year={2017},
  organization={IEEE}
}

@article{zhang2015optimal,
  title={Optimal energy management policy of mobile energy gateway},
  author={Zhang, Yang and Niyato, Dusit and Wang, Ping and Kim, Dong In},
  journal={IEEE Transactions on Vehicular Technology},
  volume={65},
  number={5},
  pages={3685--3699},
  year={2015},
  publisher={IEEE}
}

@book{rappaport2024wireless,
  title={Wireless communications: principles and practice},
  author={Rappaport, Theodore S},
  year={2024},
  publisher={Cambridge University Press}
}

@book{oliehoek2016concise,
  title={A concise introduction to decentralized POMDPs},
  author={Oliehoek, Frans A and Amato, Christopher and others},
  volume={1},
  year={2016},
  publisher={Springer}
}

@inproceedings{tan1993multi,
  title={Multi-agent reinforcement learning: Independent vs. cooperative agents},
  author={Tan, Ming},
  booktitle={Proceedings of the tenth international conference on machine learning},
  pages={330--337},
  year={1993}
}

@article{tampuu2017multiagent,
  title={Multiagent cooperation and competition with deep reinforcement learning},
  author={Tampuu, Ardi and Matiisen, Tambet and Kodelja, Dorian and Kuzovkin, Ilya and Korjus, Kristjan and Aru, Juhan and Aru, Jaan and Vicente, Raul},
  journal={PloS one},
  volume={12},
  number={4},
  pages={e0172395},
  year={2017},
  publisher={Public Library of Science San Francisco, CA USA}
}

@article{rashid2020monotonic,
  title={Monotonic value function factorisation for deep multi-agent reinforcement learning},
  author={Rashid, Tabish and Samvelyan, Mikayel and De Witt, Christian Schroeder and Farquhar, Gregory and Foerster, Jakob and Whiteson, Shimon},
  journal={Journal of Machine Learning Research},
  volume={21},
  number={178},
  pages={1--51},
  year={2020}
}

@article{mnih2013playing,
  title={Playing atari with deep reinforcement learning},
  author={Mnih, Volodymyr and Kavukcuoglu, Koray and Silver, David and Graves, Alex and Antonoglou, Ioannis and Wierstra, Daan and Riedmiller, Martin},
  journal={arXiv preprint arXiv:1312.5602},
  year={2013}
}